@article{lax_how_2009,
	title = {How should we estimate public opinion in the states?},
	volume = {53},
	number = {1},
	urldate = {2016-11-09},
	journal = {American Journal of Political Science},
	author = {Lax, Jeffrey R. and Phillips, Justin H.},
	year = {2009},
	pages = {107--121}
}

@article{warshaw_how_2012,
	title = {How should we measure district-level public opinion on individual issues?},
	volume = {74},
	number = {01},
	urldate = {2016-11-09},
	journal = {The Journal of Politics},
	author = {Warshaw, Christopher and Rodden, Jonathan},
	year = {2012},
	pages = {203--219}
}

@article{honaker2011amelia,
  title={Amelia II: A program for missing data},
  author={Honaker, James and King, Gary and Blackwell, Matthew and others},
  journal={Journal of statistical software},
  volume={45},
  number={7},
  pages={1--47},
  year={2011}
}

@article{buttice_how_2013,
	title = {How does multilevel regression and poststratification perform with conventional national surveys?},
	volume = {21},
	number = {4},
	urldate = {2016-11-09},
	journal = {Political Analysis},
	author = {Buttice, Matthew K. and Highton, Benjamin},
	year = {2013},
	pages = {449--467}
}

@article{chipman_bart:_2010,
	title = {{BART}: {Bayesian} additive regression trees},
	shorttitle = {{BART}},
	urldate = {2016-11-09},
	journal = {The Annals of Applied Statistics},
	author = {Chipman, Hugh A. and George, Edward I. and McCulloch, Robert E.},
	year = {2010},
	pages = {266--298}
}

@article{bleich2014variable,
  title={Variable selection for BART: An application to gene regulation},
  author={Bleich, Justin and Kapelner, Adam and George, Edward I and Jensen, Shane T},
  journal={The Annals of Applied Statistics},
  pages={1750--1781},
  year={2014},
  publisher={JSTOR}
}

@article{kapelner2013bartmachine,
  title={Bartmachine: A powerful tool for machine learning},
  author={Kapelner, Adam and Bleich, Justin},
  journal={stat},
  volume={1050},
  pages={8},
  year={2013}
}

@article{kapelner2015prediction,
  title={Prediction with missing data via Bayesian additive regression trees},
  author={Kapelner, Adam and Bleich, Justin},
  journal={Canadian Journal of Statistics},
  volume={43},
  number={2},
  pages={224--239},
  year={2015},
  publisher={Wiley Online Library}
}

@misc{bisbee2019barp,
  title={BARP: Improving Mister P using Bayesian Additive Regression Trees},
  author={Bisbee, James},
  journal={Working Paper},
  year={2019},
  URL={jamesbisbee.com/research}
}